@article{bloom,
author = {Bloom, Burton H.},
title = {Space/Time Trade-Offs in Hash Coding with Allowable Errors},
year = {1970},
issue_date = {July 1970},
publisher = {Association for Computing Machinery},
address = {New York, NY, USA},
volume = {13},
number = {7},
issn = {0001-0782},
url = {https://doi.org/10.1145/362686.362692},
doi = {10.1145/362686.362692},
journal = {Commun. ACM},
month = jul,
pages = {422â€“426},
numpages = {5},
keywords = {scatter storage, storage efficiency, hash addressing, searching, retrieval efficiency, storage layout, hash coding, retrieval trade-offs}
}

@ARTICLE{counting,
author={ {Li Fan} and  {Pei Cao} and J. {Almeida} and A. Z. {Broder}},
journal={IEEE/ACM Transactions on Networking},
title={Summary cache: a scalable wide-area Web cache sharing protocol},
year={2000},
volume={8},
number={3},
pages={281-293}
}